1980 3496
141 145 276 218 mum,
298 117 414 204 altera
430 115 496 204 sex
510 119 695 207 o'rdiuum'·
710 119 931 208 delineatio·

143 262 232 322 nem
252 231 552 320 delicatissimam
572 238 683 345 juxta
711 237 929 348 proportio.

145 351 217 436 nes'
229 347 322 438 Nic.
337 347 593 440 Goldmannu
615 350 776 462 sequeus
794 376 928 446 eorum¹

146 465 239 546 dem
260 457 562 574 'designationem
592 465 712 575 paulo
744 463 931 546 robustio.

81 666 83 672 ,
145 605 229 662 rem
247 601 410 686 otmque
431 569 631 661 noviffime
650 575 674 660 ὲ
693 605 757 660 me
779 576 934 688 excogi-

145 711 296 790 tutam,
333 687 523 800 postrema
549 693 614 776 sex
639 691 835 774 ordinibus
859 691 931 773 res.

37 850 38 856 ¹
147 804 363 920 pondeutes
400 803 632 916 septuaginta
668 806 767 890 duos
803 803 934 888 secun·

148 919 247 1020 dum
260 917 407 1002 diversa
423 918 613 1001 variorum
625 917 933 1027 Architeitorum

148 1034 333 1146 principia
370 1031 624 1118 diverfimode
656 1028 935 1118 construendos

150 1148 316 1232 exhibet.
429 1235 431 1240 ,
615 1223 617 1230 ,
822 1213 824 1218 .

205 1289 245 1372 4.
276 1263 386 1347 Cum
405 1259 511 1376 soepe
530 1260 666 1346 laudati
682 1262 938 1374 Grunebergii

152 1377 290 1462 tabulae
310 1375 580 1461 fortificatoriae
599 1404 676 1458 non
703 1377 773 1460 nisi.
796 1379 939 1488 vulga.

153 1519 236 1574 rem
257 1490 487 1598 methodum
513 1490 708 1572 muniendi
725 1491 943 1604 belgicam,

114 1710 116 1714 Ι
152 1633 318 1718 eamque
335 1605 389 1688 ob
418 1605 653 1690 immutatam
679 1603 794 1688 hodie
830 1605 942 1690 affal-

154 1740 266 1802 tuum
293 1719 477 1802 rationem
497 1719 781 1830 propemodum
799 1719 949 1830 explo-

155 1832 233 1926 sum
250 1831 400 1927 fistmt,
433 1858 562 1914 earum
581 1832 672 1913 loco
699 1833 950 1942 quampluri-

154 1972 234 2027 mas
257 1966 342 2028 tum
369 1943 672 2056 ichnographicas
694 1965 777 2028 tum
802 1946 951 2034 ortho,

154 2058 358 2170 graphica&
368 2057 564 2154 substitui,
599 2085 687 2168 quae
711 2087 789 2142 non
813 2063 952 2144 modo

153 2175 264 2256 binos
292 2171 488 2255 muniendi
511 2173 650 2255 modos
674 2171 765 2258 mihi
789 2179 955 2284 propri.

42 2295 49 2312 i
154 2307 219 2376 053
251 2285 430 2368 hafflnus
448 2284 614 2382 celotOS,
641 2309 710 2368 nec
726 2283 851 2368 forsan
869 2291 960 2381 ulli

115 2475 120 2487 ,
155 2398 215 2479 alii
235 2395 420 2486 secundos
445 2399 695 2506 impertiunt,
732 2397 797 2480 sed
825 2407 959 2508 quod

155 2511 334 2597 haetenus
351 2511 549 2621 imprimit
567 2509 868 2608 desiderabatur,
901 2544 962 2597 0-

153 2651 262 2706 mnes
288 2624 448 2706 aliorum
476 2623 615 2704 mo'dos
638 2651 711 2704 una
726 2625 964 2740 cadomque

155 2737 341 2820 methodo
356 2737 395 2820 in
412 2737 575 2825 chartam
593 2739 798 2846 conjicere,
830 2765 961 2824 men.

41 2849 44 2856 ’
154 2849 365 2938 suras,vero
384 2849 727 2959 orthographicum·
742 2879 815 2960 pro
832 2857 967 2940 variis

154 2964 367 3075 impendii,
384 2965 482 3060 loci,
512 2965 678 3050 materiei
694 2964 853 3076 aliisque
863 2967 969 3050 ‚cir-

105 3099 110 3116 ‘
391 3096 397 3108 ·
828 3105 966 3162 cum.
