1980 3496
135 167 137 171 ¹
156 127 337 217 stantibus
345 128 545 215 uberrimis
552 132 821 219 emolumentis
833 147 939 242 ,qttae

158 243 410 344 Goometria,
446 244 690 330 Astronomia
723 256 765 330 &
790 247 946 330 Metha-

160 359 358 444 nicaeum
388 379 549 469 utraque
577 361 867 458 Architeihra,
901 380 946 442 ut

160 473 322 586 reliquas
334 471 551 560 Matheseos
560 473 839 586 portensil‘entio
850 501 948 586 prae-
967 578 969 581 ι

161 609 325 684 tertam,
354 591 428 670 toti
443 591 571 700 generi
587 589 753 672 humano
772 615 843 700 per
868 615 950 671 ma-

143 702 378 786 thematicas
401 701 555 784 tabellas
580 701 801 814 dispensant.
859 707 953 786 Ne·
985 709 988 714 ’

162 844 231 898 mo
260 839 388 899 autent
414 815 555 900 inficias
588 818 656 899 ibit
677 818 775 900 hisce
797 821 983 929 compi-1

162 929 284 1014 landis
309 931 460 1028 labore,
487 959 597 1024 cura,
638 933 860 1043 vigilantia,
888 954 952 1014 at.

142 1045 365 1152 tentione,
402 1045 483 1126 imo
508 1045 643 1129 sudore
668 1068 785 1156 atque
808 1047 958 1130 virium

163 1160 293 1245 attritit
303 1157 429 1241 multo
443 1161 560 1272 magis
580 1186 682 1271 opus
700 1157 799 1256 effe,
828 1187 958 1270 quam

163 1275 270 1370 aliis,
312 1277 574 1384 cujuscunque
600 1277 745 1383 generis
776 1275 963 1360 lucubra-

164 1386 344 1474 tionibus.
400 1387 510 1492 Quid
534 1387 584 1470 de
610 1388 749 1499 ingenii
776 1389 965 1475 acumine

164 1505 313 1588 dicam?
331 1502 437 1616 vquid
446 1501 496 1584 de
515 1501 671 1584 eruditae
688 1501 860 1584 notionis
881 1531 966 1616 ap.

164 1639 319 1728 paratu;
358 1614 495 1726 quaesi
523 1614 600 1696 aliis
623 1615 766 1725 scriptis
797 1617 878 1697 vim
917 1629 969 1704 &

164 1735 335 1842 vigorem
347 1729 571 1827 conciliant,
591 1730 800 1812 tabularum
810 1731 975 1814 mathe-

163 1846 383 1932 mancatum
401 1845 564 1926 animam
588 1843 822 1926 constituunt
844 1849 885 1926 &
899 1847 974 1930 es·

164 1958 329 2049 sentiam.
386 1957 485 2040 Etsi
507 1957 735 2040 beneficium
752 1976 858 2038 tanto
871 1986 970 2046 ma.

80 2116 83 2125 ·
163 2075 222 2186 gis
249 2073 328 2154 aliis
361 2071 543 2183 praestat‚
580 2099 662 2181 quo
690 2071 816 2152 minus
845 2071 979 2164 danti

163 2185 322 2300 prodest
335 2242 349 2282 ‚
363 2187 449 2296 quis
459 2185 669 2268 tabulatum
686 2183 982 2280 conditoribus

162 2301 285 2390 laudis
302 2300 544 2382 eminentiam
560 2299 748 2408 deneget,
766 2323 855 2406 quae
872 2296 984 2392 sola

163 2413 266 2500 forte
275 2414 455 2525 improbo
472 2438 605 2496 eorum
619 2410 738 2492 labori
754 2407 989 2502 consolan-

30 2595 33 2602 .
163 2531 219 2616 do
237 2527 358 2620 restat.
403 2522 513 2610 Nam
527 2525 694 2634 'reliquos
711 2524 919 2608 eruditotu

67 2747 69 2751 Ι
161 2644 333 2739 laboret,
359 2639 503 2752 objesti
527 2639 735 2728 animitas,
775 2633 990 2728 sestario

124 2753 127 2760 ’
160 2757 333 2841 lucrandi
357 2753 441 2866 spes
451 2802 470 2852 ‚·
506 2752 696 2836 lettorum
725 2751 865 2858 copia,
902 2757 973 2848 bi

160 2868 427 2982 hliopolatum
467 2865 665 2950 solicitatio
691 2860 979 2972 compensant

104 3055 110 3068 .
160 2986 251 3098 Qi
282 2983 449 3073 numeris
477 2979 688 3096 tabulatum
713 2976 978 3071 cotradenff

170 3172 175 3180 .
907 3127 982 3190 111
