1980 3496
58 101 348 214 nsudant51unirrs
375 115 526 228 paginae
551 111 804 202 subduuione

11 235 15 296 s
55 221 117 330 pius
131 232 324 340 temporis,
352 255 471 341 quam
488 231 548 312 alii
568 233 802 343 integrarum
928 293 931 298 -

53 336 252 448 plagusnmm
278 339 416 425 fabrica
436 343 663 454 deperdunt.
721 345 801 449 De-

53 449 118 533 inde
127 455 241 540 anheli
257 459 425 542 tabernas
444 457 603 540 librerias
622 455 801 570 frequen.

55 567 150 650 tmtsr
168 567 268 653 forre
291 572 553 682 imprimendis
569 572 714 655 rabulis
730 572 803 654 suis

55 675 200 788 inpensas
214 685 529 770 alicundeeiicere
544 707 802 797 queant,quo

53 788 112 900 ipso
143 817 266 882 tamen
304 821 439 910 praerer
475 799 802 884 fastidiosiffimam

53 911 262 995 confessionis
288 913 492 995 molestiam
521 941 655 1024 parum
671 918 802 1026 acqui-

51 1042 121 1107 runt.
172 1028 290 1111 Adeo
300 1027 468 1109 laborem
481 1053 617 1108 eorum
636 1056 714 1110 non
732 1031 802 1112 do-

52 1137 169 1222 mestica
192 1139 320 1224 solum
351 1139 492 1252 objesti
518 1138 711 1226 insuavitas
740 1171 803 1257 ag·

32 1283 33 1288 ¹
51 1271 166 1354 gravat,
195 1254 265 1338 sed
286 1251 436 1364 insuper
452 1274 607 1338 externa
621 1257 734 1339 etiarn
751 1259 807 1339 al·

49 1359 230 1453 levamenta
248 1367 466 1451 destituunt.
498 1369 720 1479 Sequuntur
732 1371 802 1454 im.

48 1480 247 1582 pressionem
260 1481 539 1592 Empiricorum
559 1503 777 1568 contemtus
794 1541 809 1583 ,

48 1616 211 1679 erutorum
234 1599 426 1707 paucitas,
465 1595 556 1678 inde
584 1597 807 1708 bibliopolae

50 1708 188 1812 questus.
255 1710 315 1793 Ut
348 1709 444 1791 adeo
469 1731 594 1820 puteat
619 1712 808 1794 Austores
899 1777 902 1784 .

46 1817 109 1902 iilos
127 1825 193 1906 vix
221 1822 293 1904 alia
310 1824 452 1904 ratione
469 1825 516 1906 ad
542 1825 713 1908 edendos
731 1822 806 1908 dif-

45 1927 217 2020 ficillimos
244 1938 454 2020 tabularum
482 1960 608 2048 partus
631 1965 806 2022 commo.

47 2050 125 2146 veri,
152 2078 272 2162 quam
293 2051 404 2162 quod
427 2049 540 2134 sciant
559 2053 642 2136 orbi
659 2053 811 2136 erudito

47 2159 187 2274 inopus
208 2163 294 2248 eise.
350 2165 493 2246 Annon
512 2168 627 2278 igitur
652 2169 813 2276 aequitns

46 2276 227 2380 postulat,
263 2277 309 2360 ut
339 2279 377 2360 in
407 2279 539 2360 locum
567 2283 816 2391 premiorum

48 2387 310 2474 isdebitorum
322 2447 335 2487 ,
371 2396 557 2502 praeconia
585 2399 625 2475 δε
655 2397 812 2478 merito·

48 2525 112 2586 nnn
129 2504 346 2588 testimonia
362 2503 636 2620 subrogemus?

83 2619 139 2700 Ita
159 2645 278 2716 vero,
307 2621 402 2702 dum
427 2621 640 2704 tabularum
670 2623 817 2707 Austo-

47 2727 125 2814 ribus
135 2725 361 2842 promeritas
379 2732 507 2817 laudes
518 2737 729 2833 vindicavi,
765 2734 821 2818 fas
898 2745 901 2750 ’

47 2846 98 2926 nit
127 2847 315 2956 proximo
333 2848 379 2928 ab
399 2850 470 2932 illis
494 2847 585 2932 loco
605 2851 822 2944 collocare,

47 2961 100 3065 qui
115 2959 256 3043 tabuiis
275 2962 461 3070 ejusmodi
480 2963 736 3074 undecunque
766 2961 823 3042 se·

349 3077 469 3186 .A3
676 3167 709 3178 ,Ι
779 3073 826 3152 li·
